@article{emhj_drug_users_karachi,
  author    = {{Eastern Mediterranean Health Journal}},
  title     = {Profile of drug users in Karachi city, Pakistan},
  journal   = {World Health Organization - Regional Office for the Eastern Mediterranean},
  year      = {2011},
  url       = {http://www.emro.who.int/emhj-volume-17/issue-1/article6.html},
}

@report{unodc_survey_drug_use_pakistan,
  author    = {{United Nations Office on Drugs and Crime (UNODC)}},
  title     = {Survey Report on Drug Use in Pakistan 2013},
  year      = {2013},
  url       = {https://www.unodc.org/documents/pakistan/Survey\_Report\_Final\_2013.pdf},
}

@inproceedings{gnanasekar_face_attributes_drug_addicts,
  author    = {S. Gnanasekar and S. Yanushkevich},
  title     = {Face Attributes and Detection of Drug Addicts},
  booktitle = {2019 International Conference on Emerging Security Technologies (EST)},
  year      = {2019},
  pages     = {1--6},
  doi       = {10.1109/EST.2019.8806203}
}

@incollection{singh_internet_addiction_bayesian,
  author    = {A. Singh and S. Babbar},
  title     = {Detecting Internet Addiction Disorder Using Bayesian Networks},
  booktitle = {Data Science and Analytics, REDSET 2017},
  editor    = {B. Panda and S. Sharma and N. Roy},
  series    = {Communications in Computer and Information Science},
  volume    = {799},
  year      = {2018},
  publisher = {Springer, Singapore},
  doi       = {10.1007/978-981-10-8527-7_8}
}

@inproceedings{abada_bayesian_model_drug_addiction,
  author    = {W. Abada and A. Bouramoul},
  title     = {Using Machine Learning Techniques to Predict People At-Risk for Drug Addiction: A Bayesian-Based Model},
  booktitle = {2022 4th International Conference on Pattern Analysis and Intelligent Systems (PAIS)},
  year      = {2022},
  pages     = {1--7},
  doi       = {10.1109/PAIS56586.2022.9946914}
}

@article{ghazal_substance_abuse_pakistan,
  author    = {P. Ghazal},
  title     = {Rising Trend of Substance Abuse in Pakistan: A Study of Sociodemographic Profiles of Patients Admitted to Rehabilitation Centres},
  journal   = {Public Health},
  volume    = {167},
  year      = {2019},
  pages     = {34--37},
  url       = {https://doi.org/10.1016/j.puhe.2018.10.020}
}

@misc{kaggle_bangladesh_drug_addiction,
  author    = {Protik Mostafa},
  title     = {Drug Addiction in Bangladesh - Reasons},
  year      = {2022},
  url       = {https://www.kaggle.com/datasets/protikmostafa/drug-addiction-in-bangladesh-reasons},
}

@misc{gallamoza_survey_drug_use_health,
  author    = {Brennan Gallamoza},
  title     = {National Survey of Drug Use and Health (2015-2019)},
  year      = {2015},
  url       = {https://www.kaggle.com/datasets/bgallamoza/national-survey-of-drug-use-and-health-20152019},
}

@misc{kaggle_students_drugs_addiction,
  author    = {Atif Masih},
  title     = {Students Drugs Addiction Dataset},
  year      = {2022},
  url       = {https://www.kaggle.com/datasets/atifmasih/students-drugs-addiction-dataset},
}

@article{kitson2023survey,
  author    = "N. K. Kitson and A. C. Constantinou and Z. Guo and Y. Liu and K. Chobtham",
  title     = "A survey of Bayesian Network structure learning",
  journal   = "Artificial Intelligence Review",
  volume    = "56",
  number    = "8",
  pages     = "8721--8814",
  month     = "Aug.",
  year      = "2023",
  doi       = "10.1007/s10462-022-10351-w"
}

@article{scanagatta2019survey,
  author    = "M. Scanagatta and A. Salmer√≥n and F. Stella",
  title     = "A survey on Bayesian network structure learning from data",
  journal   = "Progress in Artificial Intelligence",
  volume    = "8",
  number    = "4",
  pages     = "425--439",
  month     = "Dec.",
  year      = "2019",
  doi       = "10.1007/s13748-019-00194-y"
}
